% Sample references 
@article{chui2010internet,
  title={The internet of things},
  author={Chui, Michael and L{\"o}ffler, Markus and Roberts, Roger},
  journal={McKinsey Quarterly},
  volume={2},
  pages={1--9},
  year={2010}
}
@inproceedings{tan2010future,
  title={Future internet: the internet of things},
  author={Tan, Lu and Wang, Neng},
  booktitle={Advanced Computer Theory and Engineering (ICACTE), 2010 3rd International Conference on},
  volume={5},
  pages={V5--376},
  year={2010},
  organization={IEEE}
}
@inproceedings{TheMediaSenseFramework, 
  author={Kanter, T. and Osterberg, P. and Walters, J. and Kardeby, V. and Forsstrom, S. and Pettersson, S.}, 
  booktitle={Digital Telecommunications, 2009. ICDT '09. Fourth International Conference on}, 
  title={The MediaSense Framework}, 
  year={2009}, 
  pages={144-147}, 
  keywords={mobile communication;mobile computing;MediaSense framework;context-aware information;Communication equipment;Context;Information technology;Intelligent sensors;Mobile handsets;Multimedia systems;Portals;TV;Vehicle crash testing;Watches;Awareness;Mobility;Seamlessness;Ubiquity}, 
  doi={10.1109/ICDT.2009.34}
}
@inproceedings{Kanter539187,
  author = {Kanter, Theo and Forsstr{\"o}m, Stefan and Kardeby, Victor and Walters, Jamie and Jennehag, Ulf and {\"O}sterberg, Patrik},
  institution = {Mid Sweden University, Department of Information Technology and Media},
  institution = {Department of Computer and System Sciences Stockholm University},
  title = {MediaSense - an Internet of Things Platform for Scalable and Decentralized Context Sharing and Control},
  year = {2012}
}
@misc{GoogleNexus,
  author = {Google},
  title = {{Google Nexus 4} Tech Specs},
  howpublished = {\url{http://www.google.com/nexus/4/specs/}},
  note = {Accessed: 2013-04-29}
}
@misc{GoogleLatitude,
  author = {Google},
  title = {Google Latitude},
  howpublished = {\url{www.google.com/latitude}},
  note = {Accessed: 2013-04-29}
}
@article{Weiser:1999:CSC:329124.329126,
 author = {Weiser, Mark},
 title = {The computer for the 21st century},
 journal = {SIGMOBILE Mob. Comput. Commun. Rev.},
 issue_date = {July 1999},
 volume = {3},
 number = {3},
 month = jul,
 year = {1999},
 issn = {1559-1662},
 pages = {3--11},
 numpages = {9},
 url = {http://doi.acm.org/10.1145/329124.329126},
 doi = {10.1145/329124.329126},
 acmid = {329126},
 publisher = {ACM},
 address = {New York, NY, USA}
} 
@article{dey2001understanding,
  title={Understanding and using context},
  author={Dey, Anind K},
  journal={Personal and ubiquitous computing},
  volume={5},
  number={1},
  pages={4--7},
  year={2001},
  publisher={Springer}
}
@article{schilit1994disseminating,
  title={Disseminating active map information to mobile hosts},
  author={Schilit, Bill N and Theimer, Marvin M},
  journal={Network, IEEE},
  volume={8},
  number={5},
  pages={22--32},
  year={1994},
  publisher={IEEE}
}
@misc{Eac,
  author = {U.S. Election Assistance Commission},
  title = {Definitions of Words with Special Meanings},
  howpublished = {\url{http://www.eac.gov/vvsg/glossary.aspx}},
  note = {Accessed: 2013-05-14}
}  
@phdthesis{Nelson:1981:RPC:910306,
 author = {Nelson, Bruce Jay},
 title = {Remote procedure call},
 year = {1981},
 note = {AAI8204168},
 publisher = {Carnegie Mellon University},
 address = {Pittsburgh, PA, USA},
}
@book{Fowler:2002:PEA:579257,
 author = {Fowler, Martin},
 title = {Patterns of Enterprise Application Architecture},
 year = {2002},
 isbn = {0321127420},
 publisher = {Addison-Wesley Longman Publishing Co., Inc.},
 address = {Boston, MA, USA}
} 
@article{portas2010validity,
  title={The validity and reliability of 1-Hz and 5-Hz global positioning systems for linear, multidirectional, and soccer-specific activities},
  author={Portas, Matthew D and Harley, Jamie A and Barnes, Christopher A and Rush, Christopher J},
  journal={International Journal of Sports Physiology and Performance},
  volume={5},
  pages={448--458},
  year={2010}
} 
@article{osterle2010memorandum,
  title={Memorandum on design-oriented information systems research},
  author={{\"O}sterle, Hubert and Becker, Joerg and Frank, Ulrich and Hess, Thomas and Karagiannis, Dimitris and Krcmar, Helmut and Loos, Peter and Mertens, Peter and Oberweis, Andreas and Sinz, Elmar J},
  journal={European Journal of Information Systems},
  volume={20},
  number={1},
  pages={7--10},
  year={2010},
  publisher={Nature Publishing Group}
}
@article{hevner2004design,
  title={Design science in information systems research},
  author={Hevner, Alan R and March, Salvatore T and Park, Jinsoo and Ram, Sudha},
  journal={MIS quarterly},
  volume={28},
  number={1},
  pages={75--105},
  year={2004},
  publisher={Society for Information Management and The Management Information Systems Research Center}
}
@inproceedings{katasonov2008smart,
  title={Smart semantic middleware for the internet of things},
  author={Katasonov, Artem and Kaykova, Olena and Khriyenko, Oleksiy and Nikitin, Sergiy and Terziyan, Vagan},
  booktitle={Proceedings of the 5-th International Conference on Informatics in Control, Automation and Robotics},
  pages={11--15},
  year={2008}
}
@article{golafshani2003understanding,
  title={Understanding reliability and validity in qualitative research},
  author={Golafshani, Nahid},
  journal={The qualitative report},
  volume={8},
  number={4},
  pages={597--607},
  year={2003}
}
@article{williams2000all,
  title={All I really need to know about pair programming I learned in kindergarten},
  author={Williams, Laurie A and Kessler, Robert R},
  journal={Communications of the ACM},
  volume={43},
  number={5},
  pages={108--114},
  year={2000},
  publisher={ACM}
}
@article{fehske2011global,
  title={The global footprint of mobile communications: The ecological and economic perspective},
  author={Fehske, Albrecht and Fettweis, Gerhard and Malmodin, Jens and Biczok, Gergely},
  journal={Communications Magazine, IEEE},
  volume={49},
  number={8},
  pages={55--62},
  year={2011},
  publisher={IEEE}
}
@article{schmidt2007p,
  title={The p-grid system-overview},
  author={Schmidt, Roman},
  journal={School of Computer and Communication Sciences, Ecole Polytechnique Federale de Lausanne (EPFL) CH-1015 Lausanne, Switzerland, Tech. Rep},
  year={2007}
}
@inproceedings{Walters413794,
  author = {Walters, Jamie and Kanter, Theo and Savioli, Enrico},
  booktitle = {Lecture Notes of the Institute for Computer Sciences, Social-Informatics and Telecommunications Engineering},
  institution = {Mid Sweden University, Department of Information Technology and Media},
  pages = {231--247},
  title = {A Distributed Framework for Organizing an Internet of Things},
  year = {2012}
}
@article{aberer2003p,
  title={P-Grid: a self-organizing structured P2P system},
  author={Aberer, Karl and Cudr{\'e}-Mauroux, Philippe and Datta, Anwitaman and Despotovic, Zoran and Hauswirth, Manfred and Punceva, Magdalena and Schmidt, Roman},
  journal={ACM SIGMOD Record},
  volume={32},
  number={3},
  pages={29--33},
  year={2003},
  publisher={ACM}
}
@inproceedings{abowd1999towards,
  title={Towards a better understanding of context and context-awareness},
  author={Abowd, Gregory D and Dey, Anind K and Brown, Peter J and Davies, Nigel and Smith, Mark and Steggles, Pete},
  booktitle={Handheld and ubiquitous computing},
  pages={304--307},
  year={1999},
  organization={Springer}
}
@inproceedings{bider2012design,
  title={Design Science in Action: Developing a Framework for Introducing IT Systems into Operational Practice},
  author={Bider, Ilia and Johannesson, Paul and Perjons, Erik and Johansson, Lena},
  year={2012},
  organization={AIS}
}
@book{johannesson2012design,
  title={A Design Science Primer},
  author={Johannesson, P. and Perjons, E.},
  isbn={9781477593943},
  year={2012},
  publisher={CreateSpace Independent Publishing Platform}
}